<record><leader>00000cas a2200000 a 4500</leader><controlfield tag="001">12277110</controlfield><controlfield tag="008">850718d18801881ksudr ne      0    0eng d</controlfield><datafield ind1=" " ind2=" " tag="010"><subfield code="a">sn 85031509 </subfield></datafield><datafield ind1=" " ind2=" " tag="040"><subfield code="a">KSH</subfield><subfield code="b">eng</subfield><subfield code="c">KSH</subfield><subfield code="d">NPT</subfield><subfield code="d">OCL</subfield><subfield code="d">OCLCQ</subfield></datafield><datafield ind1=" " ind2=" " tag="042"><subfield code="a">msc</subfield></datafield><datafield ind1="0" ind2=" " tag="130"><subfield code="a">Daily republican (Parsons, Kan. : 1880)</subfield></datafield><datafield ind1="1" ind2="0" tag="245"><subfield code="a">Daily republican.</subfield></datafield><datafield ind1="3" ind2="0" tag="246"><subfield code="a">Parsons daily republican</subfield></datafield><datafield ind1="3" ind2="0" tag="246"><subfield code="a">Parsons republican</subfield></datafield><datafield ind1=" " ind2=" " tag="260"><subfield code="a">Parsons, Kan. :</subfield><subfield code="b">F.H. McCarter &amp; Co.,</subfield><subfield code="c">1880-1881.</subfield></datafield><datafield ind1=" " ind2=" " tag="300"><subfield code="a">3 v. ;</subfield><subfield code="c">50-57 cm.</subfield></datafield><datafield ind1=" " ind2=" " tag="310"><subfield code="a">Daily</subfield></datafield><datafield ind1="0" ind2=" " tag="362"><subfield code="a">New ser., v. 1, no. 1 (May 10, 1880)-v. 3, no. 117 (May 7, 1881).</subfield></datafield><datafield ind1=" " ind2=" " tag="500"><subfield code="a">Published as: Parsons daily republican, July 27-&lt;Nov. 6, 1880&gt;, &lt;Feb. 12&gt;-May 7, 1887; Parsons republican, &lt;Nov. 11, 1880-Jan. 28, 1881&gt;.</subfield></datafield><datafield ind1=" " ind2=" " tag="500"><subfield code="a">Published by F.H. McCarter, Mar. 22-May 7, 1881.</subfield></datafield><datafield ind1=" " ind2=" " tag="515"><subfield code="a">Numbering is irregular.</subfield></datafield><datafield ind1=" " ind2=" " tag="525"><subfield code="a">Supplements included.</subfield></datafield><datafield ind1=" " ind2=" " tag="752"><subfield code="a">United States</subfield><subfield code="b">Kansas</subfield><subfield code="c">Labette</subfield><subfield code="d">Parsons.</subfield></datafield><datafield ind1="0" ind2="0" tag="780"><subfield code="t">Infant wonder</subfield><subfield code="w">(DLC)sn 85031508</subfield></datafield><datafield ind1="0" ind2="0" tag="785"><subfield code="t">Parsons daily eclipse (Parsons, Kan. : 1881)</subfield><subfield code="w">(DLC)sn 85031510</subfield></datafield></record>